
@manual{R-base,
  type = {Manual},
  title = {R: A Language and Environment for Statistical Computing},
  author = {{R Core Team}},
  year = {2021},
  address = {{Vienna, Austria}},
  organization = {{R Foundation for Statistical Computing}}
}

@manual{R-dmetar,
  type = {Manual},
  title = {Dmetar: Companion r Package for the Guide 'Doing Meta-Analysis in r'},
  author = {Harrer, Mathias and Cuijpers, Pim and Furukawa, Toshi and Ebert, David Daniel},
  year = {2019}
}

@manual{R-dplyr,
  type = {Manual},
  title = {Dplyr: A Grammar of Data Manipulation},
  author = {Wickham, Hadley and Fran{\c c}ois, Romain and Henry, Lionel and M{\"u}ller, Kirill},
  year = {2021}
}

@manual{R-forcats,
  type = {Manual},
  title = {Forcats: Tools for Working with Categorical Variables (Factors)},
  author = {Wickham, Hadley},
  year = {2021}
}

@book{R-ggplot2,
  title = {Ggplot2: Elegant Graphics for Data Analysis},
  author = {Wickham, Hadley},
  year = {2016},
  publisher = {{Springer-Verlag New York}},
  isbn = {978-3-319-24277-4}
}

@manual{R-kableExtra,
  type = {Manual},
  title = {{{kableExtra}}: Construct Complex Table with 'kable' and Pipe Syntax},
  author = {Zhu, Hao},
  year = {2021}
}

@manual{R-MAd,
  type = {Manual},
  title = {{{MAd}}: Meta-Analysis with Mean Differences},
  author = {Hoyt, A. C. Del Re \& W. T.},
  year = {2014}
}

@manual{R-Matrix,
  type = {Manual},
  title = {Matrix: Sparse and Dense Matrix Classes and Methods},
  author = {Bates, Douglas and Maechler, Martin},
  year = {2021}
}

@article{R-meta,
  title = {How to Perform a Meta-Analysis with {{R}}: A Practical Tutorial},
  author = {Balduzzi, Sara and R{\"u}cker, Gerta and Schwarzer, Guido},
  year = {2019},
  journal = {Evidence-Based Mental Health},
  number = {22},
  pages = {153--160}
}

@article{R-metafor,
  title = {Conducting Meta-Analyses in {{R}} with the {{metafor}} Package},
  author = {Viechtbauer, Wolfgang},
  year = {2010},
  journal = {Journal of Statistical Software},
  volume = {36},
  number = {3},
  pages = {1--48}
}

@manual{R-papaja,
  type = {Manual},
  title = {Papaja: Create {{APA}} Manuscripts with {{R Markdown}}},
  author = {Aust, Frederik and Barth, Marius},
  year = {2020}
}

@manual{R-purrr,
  type = {Manual},
  title = {Purrr: Functional Programming Tools},
  author = {Henry, Lionel and Wickham, Hadley},
  year = {2020}
}

@manual{R-readr,
  type = {Manual},
  title = {Readr: Read Rectangular Text Data},
  author = {Wickham, Hadley and Hester, Jim},
  year = {2021}
}

@manual{R-readxl,
  type = {Manual},
  title = {Readxl: Read Excel Files},
  author = {Wickham, Hadley and Bryan, Jennifer},
  year = {2019}
}

@manual{R-stringr,
  type = {Manual},
  title = {Stringr: Simple, Consistent Wrappers for Common String Operations},
  author = {Wickham, Hadley},
  year = {2019}
}

@manual{R-tibble,
  type = {Manual},
  title = {Tibble: Simple Data Frames},
  author = {M{\"u}ller, Kirill and Wickham, Hadley},
  year = {2021}
}

@manual{R-tidyr,
  type = {Manual},
  title = {Tidyr: Tidy Messy Data},
  author = {Wickham, Hadley},
  year = {2021}
}

@article{R-tidyverse,
  title = {Welcome to the {{Tidyverse}}},
  author = {Wickham, Hadley and Averick, Mara and Bryan, Jennifer and Chang, Winston and McGowan, Lucy D'Agostino and Fran{\c c}ois, Romain and Grolemund, Garrett and Hayes, Alex and Henry, Lionel and Hester, Jim and Kuhn, Max and Pedersen, Thomas Lin and Miller, Evan and Bache, Stephan Milton and M{\"u}ller, Kirill and Ooms, Jeroen and Robinson, David and Seidel, Dana Paige and Spinu, Vitalie and Takahashi, Kohske and Vaughan, Davis and Wilke, Claus and Woo, Kara and Yutani, Hiroaki},
  year = {2019},
  journal = {Journal of Open Source Software},
  volume = {4},
  number = {43},
  pages = {1686},
  doi = {10.21105/joss.01686}
}

@manual{R-writexl,
  type = {Manual},
  title = {Writexl: Export Data Frames to Excel 'xlsx' Format},
  author = {Ooms, Jeroen},
  year = {2021}
}

@misc{usheyRenvProjectEnvironments2021a,
  title = {Renv: Project {{Environments}}},
  shorttitle = {Renv},
  author = {Ushey, Kevin and RStudio and PBC},
  year = {2021},
  month = jul,
  abstract = {A dependency management toolkit for R. Using 'renv', you can create and manage project-local R libraries, save the state of these libraries to a 'lockfile', and later restore your library as required. Together, these tools can help make your projects more isolated, portable, and reproducible.},
  copyright = {MIT + file LICENSE},
  keywords = {ReproducibleResearch}
}


